<?xml version="1.0" encoding="UTF-8"?>
<record xmlns="http://www.loc.gov/MARC21/slim" xmlns:xsi="http://www.w3.org/2001/XMLSchema-instance" xsi:schemaLocation="http://www.loc.gov/MARC21/slim http://www.loc.gov/standards/marcxml/schema/MARC21slim.xsd">
<leader>     cam a2200337 a 4500</leader>
<controlfield tag="001">001685309</controlfield>
<controlfield tag="003">NNU</controlfield>
<controlfield tag="005">20061010173257.0</controlfield>
<controlfield tag="008">970826s1952    ua       bd   001 0 arard</controlfield>
<datafield tag="035" ind1="9" ind2=" ">
<subfield code="a">NYUb12228746</subfield>
</datafield>
<datafield tag="035" ind1=" " ind2=" ">
<subfield code="a">(NNU)NYUb12228746</subfield>
</datafield>
<datafield tag="040" ind1=" " ind2=" ">
<subfield code="a">MH</subfield>
<subfield code="c">MH</subfield>
<subfield code="d">CStRLIN</subfield>
<subfield code="d">CtY</subfield>
</datafield>
<datafield tag="050" ind1=" " ind2="4">
<subfield code="a">PJ6620</subfield>
<subfield code="b">.J3912 1952</subfield>
</datafield>
<datafield tag="066" ind1=" " ind2=" ">
<subfield code="c">(3</subfield>
</datafield>
<datafield tag="090" ind1=" " ind2=" ">
<subfield code="a">PJ6620</subfield>
<subfield code="b">.J35 1952</subfield>
</datafield>
<datafield tag="100" ind1="1" ind2=" ">
<subfield code="a">Zanjānī, Maḥmūd ibn Aḥmad,</subfield>
<subfield code="d">1177 or 8-1258</subfield>
<subfield code="6">880-01</subfield>
</datafield>
<datafield tag="245" ind1="1" ind2="0">
<subfield code="6">880-02</subfield>
<subfield code="a">Tahdhīb al-Ṣiḥāḥ /</subfield>
<subfield code="c">taʼlīf Maḥmūd ibn Aḥmad al-Zanjānī ; taḥqīq ʻAbd al-Salām Muḥammad Hārūn, Aḥmad ʻAbd al-Ghafūr ʻAṭṭār ; ʻuniya bi-nashrih Muḥammad Surūr al-Ṣabban.</subfield>
</datafield>
<datafield tag="260" ind1=" " ind2=" ">
<subfield code="6">880-03</subfield>
<subfield code="a">Miṣr :</subfield>
<subfield code="b">Dār al-Maʻārif,</subfield>
<subfield code="c">[1952]</subfield>
</datafield>
<datafield tag="300" ind1=" " ind2=" ">
<subfield code="a">3 v. (71, 1383 p.) ;</subfield>
<subfield code="c">25 cm.</subfield>
</datafield>
<datafield tag="500" ind1=" " ind2=" ">
<subfield code="a">Includes bibliographical references and indexes.</subfield>
</datafield>
<datafield tag="500" ind1=" " ind2=" ">
<subfield code="a">Edited from a ms. in the library of Sheikh Muḥammad Sarūr al-Ṣabbān of Mecca.</subfield>
</datafield>
<datafield tag="650" ind1=" " ind2="0">
<subfield code="a">Arabic language</subfield>
<subfield code="v">Dictionaries.</subfield>
</datafield>
<datafield tag="700" ind1="1" ind2=" ">
<subfield code="a">Jawharī, Ismāʻīl ibn Ḥammād,</subfield>
<subfield code="d">d. 1003?</subfield>
<subfield code="6">880-04</subfield>
<subfield code="t">Ṣiḥāḥ.</subfield>
</datafield>
<datafield tag="700" ind1="1" ind2=" ">
<subfield code="a">Hārūn, ʻAbd al-Salām Muḥammad</subfield>
<subfield code="6">880-05</subfield>
</datafield>
<datafield tag="700" ind1="1" ind2=" ">
<subfield code="a">ʻAṭṭār, Aḥmad ʻAbd al-Ghafūr</subfield>
<subfield code="6">880-06</subfield>
</datafield>
<datafield tag="880" ind1="1" ind2=" ">
<subfield code="6">100-01/</subfield>
<subfield code="a">زنجاني، محمود بن أحمد.</subfield>
</datafield>
<datafield tag="880" ind1="1" ind2="0">
<subfield code="6">245-02/</subfield>
<subfield code="a">تهذيب الصحاح /</subfield>
<subfield code="c">تأليف محمود بن أحمد الزنجاني ؛ تحقيق عبد السلام محمد هارون، أحمد عبد الغفور عطار ؛ عني بنشره محمد سرور الصبان.</subfield>
</datafield>
<datafield tag="880" ind1=" " ind2=" ">
<subfield code="6">260-03/</subfield>
<subfield code="a">مصر :</subfield>
<subfield code="b">دار المعارف،</subfield>
<subfield code="c">[1952]</subfield>
</datafield>
<datafield tag="880" ind1="1" ind2=" ">
<subfield code="6">700-04/</subfield>
<subfield code="a">جوهري، اسماعيل بن حماد.</subfield>
<subfield code="t">صحاح.</subfield>
</datafield>
<datafield tag="880" ind1="1" ind2=" ">
<subfield code="6">700-05/</subfield>
<subfield code="a">هارون، عبد السلام محمد.</subfield>
</datafield>
<datafield tag="880" ind1="1" ind2=" ">
<subfield code="6">700-06/</subfield>
<subfield code="a">عطار، أحمد عبد الغفور.</subfield>
</datafield>
<datafield tag="OWN" ind1=" " ind2=" ">
<subfield code="a">GENERAL</subfield>
</datafield>
<datafield tag="998" ind1=" " ind2=" ">
<subfield code="a">20010429</subfield>
<subfield code="d">20010429</subfield>
<subfield code="d">20010429</subfield>
<subfield code="n">NNU</subfield>
<subfield code="s">6</subfield>
<subfield code="t">c</subfield>
<subfield code="z">p</subfield>
</datafield>
<datafield tag="AVA" ind1=" " ind2=" ">
<subfield code="a">NYU50</subfield>
<subfield code="b">BOBST</subfield>
<subfield code="c">Main Collection</subfield>
<subfield code="d">PJ6620 .J35 1952</subfield>
<subfield code="e">unavailable</subfield>
<subfield code="t">Unavailable</subfield>
<subfield code="f">3</subfield>
<subfield code="g">3</subfield>
<subfield code="h">Y</subfield>
<subfield code="i">0</subfield>
<subfield code="j">MAIN</subfield>
<subfield code="k">0</subfield>
</datafield>
</record>
